<record><leader>00000cas a22000007a 4500</leader><controlfield tag="001">19409321</controlfield><controlfield tag="008">890321d19041904nduwr ne      0    0eng d</controlfield><datafield ind1=" " ind2=" " tag="010"><subfield code="a">sn 88076538 </subfield></datafield><datafield ind1=" " ind2=" " tag="040"><subfield code="a">NOP</subfield><subfield code="b">eng</subfield><subfield code="c">NOP</subfield><subfield code="d">OCLCQ</subfield></datafield><datafield ind1=" " ind2=" " tag="042"><subfield code="a">msc</subfield></datafield><datafield ind1="0" ind2="4" tag="245"><subfield code="a">The Edmore herald-news and Ramsey County courier.</subfield></datafield><datafield ind1=" " ind2=" " tag="260"><subfield code="a">Edmore, Ramsey County, N.D. :</subfield><subfield code="b">E.M. Crary</subfield></datafield><datafield ind1=" " ind2=" " tag="300"><subfield code="a">1 v. :</subfield><subfield code="b">ill. ;</subfield><subfield code="c">58 cm.</subfield></datafield><datafield ind1=" " ind2=" " tag="310"><subfield code="a">Weekly</subfield></datafield><datafield ind1="0" ind2=" " tag="362"><subfield code="a">Vol. 3, no. 45 (Mar. 31, 1904)-v. 4, no. 6 (June 30, 1904).</subfield></datafield><datafield ind1=" " ind2=" " tag="500"><subfield code="a">"Official paper of Ramsey County and the village of Edmore."</subfield></datafield><datafield ind1=" " ind2=" " tag="530"><subfield code="a">Available on microfilm from the State Historical Society of North Dakota.</subfield></datafield><datafield ind1=" " ind2=" " tag="752"><subfield code="a">United States</subfield><subfield code="b">North Dakota</subfield><subfield code="c">Ramsey</subfield><subfield code="d">Edmore.</subfield></datafield><datafield ind1="0" ind2="4" tag="780"><subfield code="t">Edmore news</subfield></datafield><datafield ind1="0" ind2="4" tag="780"><subfield code="t">Edmore herald and Ramsey County courier</subfield><subfield code="w">(DLC)sn 88076537</subfield></datafield><datafield ind1="0" ind2="0" tag="785"><subfield code="t">Edmore herald-news (Edmore, N.D. : 1904)</subfield><subfield code="w">(DLC)sn 88076539</subfield></datafield></record>